@online{redis,
title = {Official redis page},
url = {https://redis.com/},
}


@online{proprietary,
  title = {Redis NoSQL Key/Value Store Is No More Open Source Software},
  url = {\url{https://linuxiac.com/redis-is-no-more-open-source-software/}},
}